%===============
% Journal Papers
%===============

@article{thelen2022,
  title = {Multi-Fidelity Gradient-Based Optimization for High-Dimensional Aeroelastic Configurations},
  author = {Thelen, Andrew S. and Bryson, Dean E. and Stanford, Bret K. and Beran, Philip S.},
  doi = {10.3390/a15040131},
  journal = {Algorithms},
  volume = {15},
  number = {4},
  month = {April},
  year = {2022}
}

%=======
% Theses
%=======

@phdthesis{Lupp2020_phd,
  author  = {Christopher A. Lupp},
  title   = {Inclusion of Geometrically Nonlinear Aeroelastic Effects into Gradient-Based Aircraft Optimization},
  school  = {University of Michigan},
  address = {Ann Arbor, Michigan},
  year    = {2020},
  note    = {https://deepblue.lib.umich.edu/handle/2027.42/163259}
}

@phdthesis{Yildirim2022_phd,
  author  = {Anil Yildirm},
  title   = {Robust Methods for Aeropropulsive Design Optimization},
  school  = {University of Michigan},
  address = {Ann Arbor, Michigan},
  year    = {2021},
  note    = {https://deepblue.lib.umich.edu/handle/2027.42/176459}
}

@phdthesis{Anibal2023_phd,
  author  = {Joshua Anibal},
  title   = {Aerodynamic Shape Optimization of Heat Exchangers},
  school  = {University of Michigan},
  address = {Ann Arbor, Michigan},
  year    = {2023},
  note    = {https://deepblue.lib.umich.edu/handle/2027.42/171375}
}


%==================
% Conference Papers
%==================

% AIAA SciTech 2022

@inproceedings{Jacobson2022,
  author    = {Kevin Jacobson and Bret Stanford},
  booktitle = {AIAA SCITECH 2022 Forum},
  doi       = {10.2514/6.2022-2242},
  publisher = {American Institute of Aeronautics and Astronautics},
  title     = {Flutter-constrained Optimization with the Linearized Frequency-domain Approach},
  year      = {2022}
}

@inproceedings{Stanford2022_uq,
  author    = {Bret Stanford and Annie Sauer and Kevin Jacobson and James Warner},
  booktitle = {AIAA SCITECH 2022 Forum},
  doi       = {10.2514/6.2022-0632},
  publisher = {American Institute of Aeronautics and Astronautics},
  title     = {Gradient-Enhanced Reliability Analysis of Transonic Aeroelastic Flutter},
  year      = {2022}
}

@inproceedings{Stanford2022_aeroelastic_acts,
  author    = {Bret Stanford and Kevin Jacobson and Pawel Chwalowski},
  booktitle = {AIAA SCITECH 2022 Forum},
  doi       = {10.2514/6.2022-1557},
  publisher = {American Institute of Aeronautics and Astronautics},
  title     = {Ongoing Aeroelastic Prediction and Validation Activities at NASA Langley Research Center},
  year      = {2022}
}

% IFASD 2022

@inproceedings{Crovato2022,
  author    = {Adrien Crovato and Romain Boman and Vincent E. Terrapon and and Grigorios Dimitriadis and Alex P. Prado and Pedro H. Cabral},
  booktitle = {International Forum on Aeroelasticity and Structural Dynamics},
  title     = {Fast Full Potential Based Aerostructural Optimization Calculations for Preliminary Aircraft Design},
  year      = {2022}
}

% AIAA Aviation 2022

@inbook{Bedonian2022,
  author    = {Garo Bedonian and Jason E. Hicken},
  booktitle = {AIAA AVIATION 2022 Forum},
  doi       = {10.2514/6.2022-3998},
  publisher = {American Institute of Aeronautics and Astronautics},
  title     = {An Adaptive Sampling Method for Gradient-Enhanced Surrogate Modeling},
  year      = {2022}
}

% AIAA SciTech 2023

@inproceedings{Koyuncuoglu2023,
  author    = {Koyuncuoglu, Heyecan and He, Ping},
  booktitle = {AIAA SCITECH 2023 Forum},
  doi       = {10.2514/6.2023-1844},
  publisher = {American Institute of Aeronautics and Astronautics},
  title     = {{CFD} Based Multi-Component Aerodynamic Optimization for Wing Propeller Coupling},
  year      = {2023}
}

@inproceedings{He2023,
  author    = {He, Ping and Koyuncuoglu, Heyecan and Hu, Helen and Dhulipalla, Anvesh and Hu, Haiyang and Hu, Hui},
  booktitle = {AIAA SCITECH 2023 Forum},
  doi       = {10.2514/6.2023-0531},
  publisher = {American Institute of Aeronautics and Astronautics},
  title     = {High-fidelity aerodynamic and aerostructural optimization of {UAV} propellers using the adjoint method},
  year      = {2023}
}

% AIAA Aviation 2023
